5306 6444
2702 611 2858 673 VIII
2982 632 3290 646 ---·-

743 848 1081 939 hendeS‚
1154 869 1355 942 quae
1424 869 1470 918 a
1541 846 2014 918 venerandis
2084 844 2237 916 illis
2304 845 2659 939 patribus
2730 845 3086 940 profecta
3140 852 3358 937 sunt,
3436 845 3618 919 inde
3673 868 3721 919 a
3772 847 4099 943 Ruppio,
4182 846 4356 922 viro
4413 846 4849 943 diligentis·

741 1012 978 1101 simo,
1049 1015 1129 1080 et
1193 1001 1549 1085 Dillmiv,
1619 1001 1792 1072 viro
1860 998 2422 1089 solertissimo,
2495 1020 2743 1092 usque
2811 997 2910 1070 ad
2966 997 3352 1071 eruditum
3405 994 3786 1070 Molm‘um.
3909 1002 4112 1074 Nam
4182 1022 4622 1095 synonyma
4687 1000 4849 1091 illa,

738 1167 1195 1262 plerumque
1253 1158 1545 1254 optime
1603 1153 2011 1249 explicita,
2065 1153 2274 1225 haud
2329 1136 2508 1223 raro
2566 1151 3688 1248 definitionibusspecierum,
3767 1177 4012 1250 saepe
4068 1154 4344 1227 mirum
4401 1154 4481 1228 in
4535 1155 4848 1228 modum

740 1318 1405 1415 perturbatarum,
1462 1312 1707 1381 lucem
1766 1308 2128 1379 afferunt.
2266 1307 2445 1377 Non
2502 1307 2752 1376 solum
2814 1305 3050 1399 igitur
3105 1307 3668 1400 recentiorum,
3749 1308 3893 1381 sed
3948 1308 4189 1381 etiam
4261 1309 4614 1405 egregiis
4688 1308 4850 1381 illis

741 1471 1122 1552 Vailantii,
1188 1461 1511 1535 Michelii
1569 1470 1648 1534 et
1715 1460 2026 1531 Dillenii
2072 1460 2480 1555 operibuS‚
2564 1481 2802 1552 quae,
2886 1483 3115 1553 quum
3174 1460 3577 1533 rarissima
3631 1463 3826 1555 sint,
3893 1464 4134 1536 multo
4191 1463 4515 1558 negotio
4573 1483 4853 1556 paran-

740 1634 905 1717 tur,
960 1625 1414 1717 frequenter
1471 1626 1551 1689 et
1608 1616 1984 1710 religiose
2041 1636 2230 1686 usus
2283 1637 2480 1685 sum.

949 1775 1552 1870 Peregrinarum
1622 1793 1934 1864 quoque
1999 1768 2439 1863 specierum
2508 1766 2806 1861 aliquot
2874 1766 3484 1863 descriptionem
3550 1768 3631 1841 in
3699 1770 4046 1844 libellum
4119 1794 4375 1844 meum
4444 1794 4570 1844 me
4636 1792 4853 1843 rece·

742 1933 998 2030 pisse,
1054 1930 1194 2001 vix
1249 1935 1371 1999 est
1427 1924 1635 2020 quod
1690 1943 2090 2013 moneam,
2147 1945 2378 2015 quum
2437 1920 2621 1992 illud
2678 1927 3003 2016 propter
3058 1943 3224 2014 eaS‚
3280 1944 3482 2017 quae
3539 1923 3618 1996 in
3672 1931 4078 2020 posterum
4131 1932 4212 1998 et
4267 1924 4474 2020 apud
4528 1946 4679 1998 nos
4731 1946 4855 1998 re-

743 2086 1187 2183 perientur,
1264 2080 1452 2152 mihi
1525 2101 1682 2150 non
1756 2077 1909 2148 levi
1984 2081 2379 2147 momento
2454 2075 3026 2148 aestimandum
3098 2098 3278 2148 esse
3349 2076 3779 2151 videretur.
3900 2079 4322 2152 Caeterum
4373 2078 4640 2152 faeere
4695 2101 4855 2152 non

746 2262 1105 2335 possum,
1178 2234 1363 2330 quin
1437 2232 1862 2305 lectoribus
1934 2229 2326 2302 nominem
2399 2229 2652 2300 virum
2723 2230 3521 2325 praestantissimum,
3628 2255 3782 2327 quo
3870 2232 4339 2328 praeprimis
4411 2253 4602 2305 usus
4679 2253 4854 2306 sum

733 2392 983 2482 duee,
1039 2391 1217 2463 dum
1274 2388 1474 2459 hane
1527 2385 1929 2480 Synopsin
1983 2383 2513 2457 conficiebam.
2632 2383 2838 2455 Dico
2889 2378 3346 2466 [lecket-um,
3417 2383 3640 2479 eujus
3705 2408 3907 2481 opus
3961 2386 4336 2460 eximium
4387 2386 4494 2459 de·
4535 2387 4855 2479 hunger.

740 2546 1060 2615 'manniis
1112 2544 1210 2615 ab
1266 2565 1338 2614 a.
1393 2539 1913 2613 MDCCCXII
1943 2580 2035 2592 —
2066 2537 2612 2609 MDcccxvl
2658 2538 2737 2609 in
2781 2537 3070 2631 Anglia
3112 2538 3405 2632 prodiit
3441 2538 3694 2612 fiorma
3724 2539 4091 2613 maxima.
4187 2539 4713 2635 Cognoscitur
4751 2544 4857 2614 e'x

716 2700 898 2773 *hoe
954 2699 1153 2770 libro
1208 2696 1569 2768 omnibus
1623 2694 1969 2767 numeris
2025 2691 2387 2764 absoluto
2445 2712 2824 2764 summum
2878 2690 3030 2763 viri
3084 2691 3306 2764 illius*
3349 2692 3429 2764 in
3479 2693 4047 2789 eryptogamiis
4102 2693 4615 2790 exquirendis
4679 2716 4859 2768 acu·-

742 2854 967 2944 'men‚
1023 2861 1102 2923 et
1160 2850 1475 2922 difficile
1534 2849 1743 2921 dictu
1799 2856 1962 2937 est,
2026 2852 2285 2917 utrum
2339 2844 2419 2916 in
2471 2843 2747 2939 figuris
2802 2845 2972 2917 aeri
3026 2845 3297 2918 incisis
3349 2845 3747 2920 LXXXII.
3803 2848 4289 2944 singularum
4342 2848 4681 2943 partium
4734 2870 4860 2922 ae-

751 3007 1246 3081 curatissima
1301 3004 1687 3097 analysiS,
1755 3024 1857 3073 an
1911 2997 2504 3094 elegantissima
2557 2998 2984 3094 figurarum
3039 2999 3607 3081 delineatio&
3661 3002 4012 3077 colorum
4041 3002 4544 3097 :temperatio
4599 3002 4860 3099 magis

666 3143 670 3148 ’
751 3159 1274 3250 admiratione
1330 3157 1569 3253 digna
1624 3157 1752 3230 sit.

960 3315 1199 3397 Quod
1256 3311 1636 3406 reliquum
1696 3318 1855 3401 est,
1911 3310 2426 3383 vehementer
2482 3315 2711 3402 opto,
2768 3315 2852 3381 ut
2906 3310 3057 3382 viri
3112 3311 3387 3383 harum
3439 3332 3708 3382 rerum¹
3755 3309 3992 3403 periti
4045 3332 4381 3405 aequum
4436 3310 4536 3384 de
4567 3309 4859 3384 libello

738 3493 929 3543 meo
985 3468 1243 3540 ferant
1292 3464 1705 3559 judicium,
1773 3470 1854 3537 et
1908 3464 1978 3537 si
2035 3486 2188 3559 qua
2240 3461 2574 3535 forsitan
2620 3469 2956 3557 peecata
3008 3463 3342 3555 fuerint,
3396 3463 3727 3537 meliora
3781 3488 3906 3537 me
3962 3464 4299 3537 edocere
4366 3487 4585 3533 neve
4647 3485 4862 3539 acer-

753 3623 927 3698 bius
982 3623 1433 3715 vituperare
1489 3619 1760 3693 velint.

961 3773 1261 3871 Scripsi
1319 3773 1663 3869 Coburgi
1720 3774 1997 3846 Mense
2053 3771 2438 3844 «Ianuario
2494 3770 3192 3847 Mncccxxxll.

4098 4317 4554 4391 AUCTOR.
