5306 6444
1951 1542 3084 1652 PRAEFATIO.

473 2314 724 2462 Quid
782 2383 888 2455 sit
941 2379 1267 2476 hujusce
1324 2382 1570 2456 libelli
1625 2390 2167 2478 argumentum
2224 2405 2636 2479 meumque
2695 2384 2773 2455 in
2829 2406 2926 2456 eo
2985 2382 3553 2456 conscribendo
3611 2379 4063 2472 consilium,
4141 2380 4312 2476 ipsa
4380 2382 4577 2455 satis

470 2536 821 2609 declarat
875 2534 1048 2629 ejus
1102 2536 1550 2631 inscriptio,
1628 2536 1740 2608 ita
1793 2543 1916 2630 ut,
1990 2559 2191 2632 quae
2261 2543 2680 2631 praeterea
2733 2536 2921 2609 mihi
2979 2544 3209 2610 erunt
3265 2535 3888 2632 praemonenda,
3960 2504 4127 2607 fere
4194 2537 4410 2608 solas
4478 2536 4575 2608 ad

469 2691 913 2784 plantarum
988 2688 1299 2782 icones,
1382 2712 1583 2786 quae
1658 2691 1925 2763 libello
1997 2688 2457 2784 subjunctae
2529 2697 2752 2782 sunt,
2832 2697 3217 2786 spectent.
3353 2690 3664 2762 Etenim
3736 2690 3814 2761 in
3870 2688 3992 2761 bis
4047 2688 4322 2780 rebuS,
4405 2689 4578 2762 visu

467 2864 712 2937 aegre
769 2842 1401 2938 dignoscendis,
1458 2850 1539 2916 et
1596 2866 1828 2940 quam
1884 2844 2447 2941 operosissime
2510 2844 3125 2940 investigandis,
3206 2844 3344 2916 vix
3416 2865 3508 2916 ac
3562 2867 3661 2916 ne
3719 2843 3857 2915 vix
3912 2842 4225 2937 quidem
4282 2842 4575 2937 aliquid

468 3001 688 3068 certo
762 3001 843 3068 et
910 2996 1325 3091 perspicue
1395 3004 1660 3092 potest
1724 2997 2137 3094 cognosci,
2216 2997 2369 3069 nisi
2424 2997 2778 3071 iconibus
2833 3005 3197 3070 accurate
3256 2996 3539 3069 effictis
3596 3003 3676 3067 et
3731 2995 4286 3091 microscopio,
4370 2998 4576 3091 quod

469 3155 791 3240 vocant,
847 3150 1285 3245 composito
1343 3151 1621 3224 utaris,
1731 3151 1905 3222 Etsi
1974 3152 2213 3248 longo
2284 3151 2363 3224 in
2430 3151 2697 3224 herbis
2764 3150 3231 3247 colligendis
3297 3174 3443 3222 usu
3514 3150 3883 3245 vulgares
3940 3172 4204 3221 earum
4263 3150 4574 3245 species

464 3302 970 3378 mediocriter
1024 3310 1103 3375 et
1178 3303 1315 3375 vix
1385 3304 1886 3377 mediocriter
1951 3312 2569 3401 cognoscuntur,
2648 3313 2941 3378 certam
2999 3312 3278 3400 tamen
3321 3327 3587 3376 earum
3645 3303 4175 3398 cognitionem
4234 3304 4573 3400 diligens

468 3456 954 3528 solummodo
1013 3463 1094 3529 et
1165 3456 1478 3530 subtilis
1543 3458 2026 3553 singularum
2091 3459 2429 3553 partium
2499 3459 2947 3553 disquisitio
3005 3457 3607 3552 microscopica,
3673 3480 3763 3528 ac
3820 3464 4238 3551 praeterea
4293 3458 4575 3552 figura-

465 3633 627 3681 rum
701 3609 801 3681 ad
876 3615 1231 3680 naturam
1306 3611 1876 3683 delineatarum
1953 3613 2437 3707 comparatio
2510 3619 2778 3707 potest
2852 3612 3297 3685 conciliare.
3437 3611 3552 3681 Ad
3628 3610 3822 3681 haec
3896 3633 4086 3681 vero
4165 3634 4317 3682 non
4374 3634 4572 3706 opus

473 3770 593 3835 est
658 3762 1199 3834 instrumentis
1266 3764 1694 3836 sumtuosis
1762 3763 2138 3859 librisque
2204 3766 2734 3861 singularibus
2799 3789 3085 3862 magno
3141 3764 3399 3860 pretio
3458 3763 4026 3857 comparandis
4163 3764 4572 3838 Lenticula

468 3917 723 3988 vitrea
778 3916 981 3987 bene
1037 3923 1389 4007 tornata,
1455 3916 1724 3989 brevis
1778 3917 1894 3989 rei
1951 3918 2346 4010 definitio,
2404 3945 2507 3991 ex
2562 3920 2758 3992 artis
2811 3918 3260 4015 praeceptis
3315 3917 3748 4010 descripta,
3805 3915 4239 4010 certisque,
4296 3918 4576 4018 quibus

466 4069 776 4164 singula
832 4069 1399 4161 discernantur,
1453 4070 1665 4142 notis
1719 4070 1947 4162 nixa,
2004 4071 2255 4168 figura
2308 4073 2624 4176 plantae
2682 4072 3142 4168 simpliciter
3199 4070 3548 4166 quidem,
3604 4070 3745 4141 sed
3802 4076 4163 4140 accurate
4222 4092 4311 4141 ac
4367 4071 4571 4144 belle.

468 4223 902 4313 delineata,
977 4223 1316 4317 denique
1390 4224 1685 4296 cultelli
1758 4223 2096 4318 aliquot,
2170 4224 2364 4297 haec
2436 4226 2603 4298 fere
2662 4233 2881 4318 sunt,
2956 4225 3236 4321 quibus
3309 4247 3507 4318 opus
3566 4230 3728 4313 est,
3800 4221 4221 4317 praesidia.
4334 4224 4570 4307 Quod

467 4384 726 4449 autem
808 4374 1107 4471 figurae
1191 4377 1456 4470 plures
1540 4377 1618 4448 in
1698 4400 1850 4449 una
1935 4379 2365 4473 eademque
2449 4379 2714 4452 tabula
2795 4378 3257 4473 conjunctae
3340 4386 3559 4468 sunt,
3642 4401 3740 4447 ne
3798 4376 3972 4470 quis
4028 4375 4257 4447 nimis
4316 4378 4571 4468 valde,

467 4552 802 4625 quaeso,
874 4529 1427 4624 reprehendat.
1540 4532 1627 4602 Si
1702 4531 1931 4604 modo
2006 4532 2229 4604 salva
2303 4533 2866 4627 perspicuitate
2944 4532 3116 4605 fieri
3191 4538 3494 4625 potest,
3577 4554 3832 4624 neque
3903 4552 4087 4624 pars
4153 4529 4415 4624 aliqua
4471 4532 4568 4604 ad

470 4684 715 4777 ipsius
785 4683 899 4756 rei
970 4684 1310 4755 indolem
1378 4684 1829 4756 necessaria
1902 4666 2219 4779 praeter
2285 4709 2618 4781 aequum
2687 4686 3176 4759 contrabitur
3230 4685 3402 4756 sive
3459 4685 3950 4756 decurtatur:
4024 4683 4335 4776 species
4391 4709 4572 4779 cog-

465 4845 734 4910 natae¹
772 4860 911 4930 per
979 4838 1523 4931 compendium
1591 4838 1825 4931 spatii
1905 4860 2057 4909 una
2132 4839 2418 4934 pagina
2494 4842 3114 4935 comprehensae
3185 4837 3701 4910 clarissimum
3768 4837 4152 4931 praebent
4218 4860 4568 4910 summae

466 4990 581 5060 rei
638 4999 1143 5084 conspectum
1200 5014 1291 5062 ac
1348 4991 1601 5086 magis
1656 4991 2070 5085 proficiunt
2127 4993 2228 5066 ad
2280 5016 2411 5065 res
2467 4990 3035 5087 dijudicandaS,
3092 5014 3322 5087 quam
3378 4991 3679 5084 figurae
3737 5012 3880 5084 per
3935 4990 4215 5061 multas
4273 5011 4568 5085 easque

467 5143 918 5235 splendidas
988 5145 1294 5217 tabulas
1363 5145 1470 5217 ita
1537 5145 1987 5239 dispersae,
2055 5154 2139 5217 ut
2204 5147 2446 5219 multo
2516 5148 2823 5220 demum
2892 5145 3215 5242 negotio
3286 5145 3361 5215 id
3437 5144 3644 5238 quod
3713 5142 4046 5237 singulis
4101 5143 4338 5214 rebus
4394 5167 4570 5238 pro-

466 5297 714 5388 prium
773 5320 861 5368 ac
916 5298 1315 5392 peculiare
1373 5305 1496 5370 est
1552 5298 1816 5393 colligi
1872 5299 2149 5392 possit.
2260 5300 2570 5373 Deinde
2629 5325 2937 5373 omnem
2995 5299 3175 5373 dedi
3233 5320 3591 5392 operam,
3659 5305 3742 5368 ut
3800 5318 4151 5386 errores,
4208 5296 4305 5369 ab
4363 5298 4566 5390 aliis,

467 5451 596 5543 qui
654 5451 748 5521 de
810 5452 951 5521 hac
1010 5474 1092 5522 re
1152 5451 1663 5546 scripserunt,
1720 5453 2182 5526 commissos
2240 5455 2675 5527 devitarem
2734 5463 2813 5528 et
2871 5462 3260 5547 utcunque
3299 5450 3803 5546 corrigerem.
3906 5449 4185 5543 Itaque
4227 5452 4567 5546 exempli

464 5604 719 5696 gratia
796 5628 1048 5698 neque
1122 5607 1191 5674 J.
1264 5601 1643 5674 dilatatam
1719 5615 1798 5678 et
1869 5610 1938 5677 J.
2024 5608 2447 5690 Ταηιανιὶςεὶ,
2531 5631 2787 5704 neque
2858 5611 2931 5679 J.
3002 5607 3415 5676 concinnam
3489 5610 3568 5677 et
3640 5607 3710 5674 J.
3768 5602 4148 5698 pulaceam
4206 5610 4354 5675 etc.
4414 5612 4562 5678 etc.

465 5758 796 5849 amplius
853 5758 1057 5829 inter
1112 5781 1201 5830 se
1274 5759 1642 5833 confusas
1714 5783 1970 5854 neque
2045 5761 2361 5833 omnino
2433 5763 2669 5835 ullum
2749 5734 3054 5835 illofum
3133 5761 3762 5853 synonymorum
3850 5757 4219 5829 omissum
4294 5757 4570 5852 depre-
