5306 6444
2287 508 3264 647 -4-46—

927 813 1228 886 Habitat
1276 814 1343 885 in
1401 812 1630 887 rivulis
1686 814 2018 888 montanis
2070 815 2460 903 Helvetiae,
2511 818 2937 889 Britanniae
2986 832 3054 891 et
3105 816 3241 889 imo
3292 814 3681 889 Islandiae.

928 982 1267 1065 Explicaiio
1316 984 1459 1044 Tab.
1549 984 1665 1045 No.
1699 990 1750 1045 1.
1779 992 1834 1045 2.
1882 986 2118 1045 Plantae
2163 986 2410 1046 naturali
2452 984 2872 1068 magnitudine.
2961 991 3019 1046 3.
3066 987 3302 1048 Plantae
3345 1007 3500 1068 pars,
3543 999 3726 1047 aucta.
3815 989 3872 1046 4.
3920 989 4083 1068 Apex
4122 988 4298 1048 caulis
4323 987 4583 1063 feminei,
4630 1009 4835 1070 capsu-

725 1093 834 1152 lam
881 1092 1200 1177 virgineam
1248 1107 1307 1155 et
1351 1096 1606 1181 calycem
1653 1109 1916 1179 gestans,
1975 1109 2196 1159 auctus.
2287 1102 2346 1157 5.
2395 1095 2592 1158 Caulis
2637 1098 2918 1179 particula
2963 1119 3094 1158 cum
3137 1097 3380 1181 stipula,
3424 1111 3606 1159 ancta.
3696 1103 3750 1158 6.
3799 1096 3985 1183 Calyx
4030 1120 4160 1159 cum
4206 1099 4365 1160 foliis
4411 1100 4837 1181 perichaetiali-

725 1204 832 1269 bus
879 1205 1384 1289 longitudinaliter
1427 1207 1745 1282 dissectus,
1790 1219 2012 1273 auctus.

2233 1437 2379 1524 69.
2501 1431 2593 1521 J.
2655 1431 3330 1523 FRANclscl.
3383 1534 3399 1547 ,

2376 1607 2542 1679 rab.
2577 1609 2792 1680 VIII.
2872 1609 3031 1702 mg.
3069 1608 3184 1680 66.

939 1774 1164 1846 Caule
1215 1773 1699 1874 procumbente
1751 1774 2036 1875 simplici
2089 1774 2190 1849 vel
2243 1776 2677 1866 subramoso,
2748 1793 3014 1865 tenero,
3068 1774 3397 1865 filiformi,
3467 1776 3671 1850 ramis
3725 1777 3994 1850 erectis:
4057 1778 4286 1876 solitis·
4353 1777 4628 1867 bifariis,
4681 1777 4839 1880 plus

728 1910 1028 1985 minusve
1082 1911 1593 2012 approximatiS,
1648 1913 2344 2014 erecto-patentibus,
2399 1913 2855 2002 verticalibus,
2910 1912 3410 2015 subappressis',
3465 1913 3772 2003 alterniS,
3827 1912 4095 2015 pallide'
4127 1914 4474 2005 viridibus,
4530 1917 4839 2016 superio-

727 2048 914 2123 ribus
969 2074 1245 2122 amoene
1297 2048 1680 2149 purpureis,
1734 2048 1924 2124 valde
1979 2052 2303 2140 concavis,
2358 2052 2565 2125 ovatis
2616 2050 2719 2125 vel
2772 2051 3431 2140 ovato-rotundatis,
3485 2070 3678 2126 acute
3731 2051 4473 2149 emarginato-bifidis,
4528 2081 4841 2151 segmen-

730 2185 814 2258 tis
878 2183 1273 2286 aequalibus
1339 2185 1850 2276 obtusiusculis;
1938 2187 2567 2288 pen‘chaetialibus
2642 2189 3040 2278 imbricatis,
3123 2188 4002 2290 oblongo-subquadratis‚
4089 2189 4426 2278 concavis,
4497 2189 4842 2276 surrectis,

729 2322 914 2423 apice
998 2349 1136 2394 non
1225 2350 1377 2395 raro
1457 2321 1957 2413 subreclinatis‚
2051 2353 2290 2425 parum
2360 2324 2740 2414 undulatis,
2822 2343 3153 2400 caeterum
3223 2355 3260 2400 a
3334 2325 3610 2427 reliquis
3683 2354 3821 2399 non
3890 2326 4200 2401 diversis:
4265 2328 4553 2426 stipulis
4616 2326 4841 2400 minu-

729 2460 850 2547 tis,
906 2459 1244 2557 angustis,
1319 2459 1561 2548 ovatis,
1635 2459 2001 2561 aequaliter
2052 2480 2244 2536 acute
2297 2461 2560 2551 bifidis,
2630 2463 3017 2564 patentibus
3071 2462 3171 2536 vel
3225 2462 3595 2579 appressiS,
3667 2462 3917 2564 planis:
3983 2466 4247 2563 fructu
4296 2464 4367 2537 in
4421 2463 4624 2537 ramis
4677 2491 4836 2564 pro-

728 2595 893 2696 priis
946 2594 1308 2670 terminali:
1363 2597 1725 2693 calycibus
1778 2596 2565 2702 oblongo-cylindricis,
2617 2628 2849 2673 versus
2904 2601 3156 2700 apicem
3208 2599 3501 2700 plicatis,
3562 2645 3656 2657 -
3731 2628 3845 2673 ore
3900 2600 4193 2678 dentato.

935 2768 1190 2841 Hooker,
1231 2767 1382 2827 Brit.
1426 2769 1606 2851 Jung.
1651 2769 1765 2830 tab.
1813 2770 1912 2830 49.
1962 2768 2198 2854 (bona.)
2248 2807 2322 2817 —
2387 2771 2638 2831 Muscol.
2684 2769 2820 2831 brit.
2869 2771 2959 2832 ed.
3006 2779 3063 2831 2.
3109 2795 3165 2853 p.
3210 2776 3356 2832 236.
3443 2772 3828 2849 Lindenberg,
3875 2772 4021 2858 Syn.
4069 2773 4280 2854 Hepat.
4326 2794 4381 2854 p.
4427 2774 4530 2833 40.
4618 2774 4839 2855 Spreti-

732 2879 862 2955 gel‚
907 2877 1067 2961 Syst.
1112 2897 1242 2960 veg.
1288 2879 1389 2939 lv,
1434 2901 1492 2960 p.
1540 2885 1684 2944 223.
1772 2882 2069 2965 Sowuby,
2115 2883 2288 2964 Engl.
2336 2884 2467 2944 Bot.
2510 2882 2626 2944 tab.
2671 2885 2857 2942 2459.
2908 2882 3206 2967 (optima.)

937 2989 1000 3053 J.
1049 2986 1230 3069 bifida
1272 2991 1577 3066 Schreber,
1635 2991 1697 3050 in
1742 2991 1867 3052 obs.
1912 2991 1985 3052 ad
2027 2994 2321 3054 Schmidel
2362 2997 2519 3055 lcon.
2565 3016 2623 3075 p.
2669 2994 2814 3054 244.
2860 2994 2974 3055 tab.
3025 3000 3121 3056 62.
3168 2994 3233 3054 fs.
3284 3000 3380 3056 19.
3421 3001 3526 3056 20.
3569 3018 3626 3079 p.
3672 2993 3938 3055 250.tab.
3986 2998 4085 3054 64.
4130 2995 4230 3079 fig.
4277 3002 4335 3056 2.
4379 2995 4494 3056 buc
4538 3006 4776 3078 spectat.

937 3283 1242 3353 Habitat
1290 3281 1360 3354 in
1413 3286 1815 3358 Britannia.

939 3451 1278 3534 Explicatio
1327 3453 1383 3512 T
1379 3454 1475 3520 ab.
1566 3455 1682 3516 No.
1736 3460 1790 3515 1.
1845 3456 2046 3517 Planta
2090 3455 2338 3516 naturali
2379 3457 2800 3539 magnitudine.
2904 3464 2962 3517 2.
3009 3458 3246 3518 Plantae
3289 3478 3420 3539 pars
3468 3458 3751 3539 capsulam
3799 3469 3859 3516 et
3903 3458 4158 3543 calycem
4204 3469 4468 3541 gestans,
4513 3471 4694 3518 aucta.
4786 3463 4843 3517 3.

736 3561 935 3622 Planta
978 3562 1252 3638 mascula,
1299 3576 1478 3625 aucta.
1569 3567 1629 3627 4.
1679 3564 1876 3627 Caulis
1919 3588 2052 3648 pars
2096 3588 2127 3626 a
2172 3567 2351 3627 latere
2397 3567 2681 3628 inferiore
2726 3570 2864 3643 visa,
2909 3580 3091 3630 aucta.
3182 3574 3239 3630 5.
3288 3573 3342 3629 6.
3390 3568 3555 3631 Folia
3598 3568 4058 3650 perichaetialia,
4103 3581 4286 3631 aucta.
4378 3576 4431 3631 7.
4481 3567 4669 3655 Calyx
4712 3590 4846 3632 cum

736 3673 965 3756 capsula
1008 3672 1300 3758 virginea,
1357 3687 1576 3737 auctus.
1668 3684 1724 3738 8.
1774 3675 2023 3759 Capsula
2066 3690 2291 3760 aperta,
2337 3690 2520 3740 aucta.
2611 3685 2669 3740 9.
2717 3680 2978 3740 Anthera
3020 3692 3202 3740 aucta.
3296 3685 3394 3741 10.
3440 3679 3667 3763 Stipula
3709 3692 3891 3741 aucta.

1992 3907 2132 3989 70.
2256 3899 2348 3989 J.
2412 3900 3599 3997 QUINQUEDENTATA.

2436 4074 2603 4147 rab.
2651 4079 2727 4145 V.
2816 4078 2975 4170 Fig.
3029 4073 3148 4147 41.

952 4243 1175 4316 Caule
1224 4240 1729 4341 procumbente,
1787 4240 2183 4343 plerumque
2236 4243 2422 4343 apice
2476 4243 2899 4332 ascendente,
2955 4244 3454 4344 &tl-pollicari,
3506 4243 3831 4334 flexuose,
3885 4244 4409 4346 simpliciusculo
4462 4245 4563 4319 vel
4617 4247 4849 4321 dicho-

741 4397 919 4452 tome
972 4407 1261 4466 ramoso,
1317 4378 1520 4451 dorso
1574 4378 1834 4451 inferne
1885 4377 2040 4479 plus
2094 4380 2394 4453 minusve
2447 4380 2859 4454 radiculoso:
2895 4383 3121 4480 foliis
3155 4380 3322 4455 laete
3357 4381 3459 4455 vel
3493 4380 4125 4480 glauco-viridibus,
4166 4381 4272 4455 hic
4301 4382 4434 4456 illic
4472 4384 4846 4458 fuscescen-

741 4516 947 4604 tibus,
1002 4517 1206 4588 modo
1261 4515 1566 4589 bifariam
1615 4515 1822 4588 dense
1873 4513 2055 4613 juxta
2111 4545 2181 4590 se
2233 4517 2510 4591 invicem
2543 4517 2885 4618 dispositis
2922 4517 3447 4619 imbricatisque,
3500 4520 3703 4593 modo
3748 4517 3931 4593 haud
3963 4547 4116 4594 raro
4156 4519 4671 4608 remotiusculis,
4712 4537 4845 4594 tam

743 4651 1412 4753 erecto-patentibus
1464 4649 1564 4724 vel
1619 4651 2170 4726 subverticalibus
2224 4681 2492 4727 sursum
2550 4655 3082 4742 conniventibus,
3137 4684 3339 4755 quam
3392 4655 4025 4730 subhorizontaliter
4074 4657 4456 4756 patentibus
4510 4656 4851 4758 pauloque

744 4789 1115 4878 reclinatis,
1171 4788 1646 4888 subquadratis
1702 4787 1802 4861 vel
1853 4788 2602 4891 oblongo-quadratis,
2677 4793 2819 4866 basi
2887 4791 3159 4892 oblique
3212 4790 3973 4894 semiamplexicaulibus
4043 4794 4848 4895 subdecurrentibusque,

747 4930 933 5030 apice
987 4946 1130 5002 tum
1184 4926 1472 5001 breviter
1522 4941 1662 4999 tum
1719 4927 1801 4999 ad
1857 4929 2115 5001 tertiam
2172 4946 2429 5026 partem
2483 4927 2984 5029 subaequaliter
3035 4929 3704 5030 tri-quadri-rarius
3737 4931 4621 5032 quinquedentato-incisis,
4676 4959 4850 5006 mar-

744 5067 900 5165 gine
952 5092 1439 5164 nonnunquam
1495 5091 1706 5164 prope
1761 5064 1949 5138 basin
2007 5063 2162 5138 hinc
2214 5065 2468 5138 minute
2522 5064 3132 5156 ciliato-dentatis,
3222 5086 3553 5141 caeterum
3609 5065 3801 5142 valde
3852 5066 4112 5168 plicatis
4170 5067 4622 5156 undulatisve,
4708 5068 4851 5169 pla-

747 5200 1072 5277 niusculis
1125 5201 1226 5275 vel
1281 5201 1368 5276 ob
1425 5199 1730 5275 laciniam
1789 5201 2087 5274 intimam
2143 5228 2340 5303 saepe
2395 5200 2703 5276 inflexam
2759 5202 3218 5303 majoremque
3271 5203 3475 5304 paulo
3527 5204 3855 5292 concavis,
3915 5248 4008 5262 --
4066 5206 4382 5280 dentibus
4435 5205 4536 5279 vel
4591 5205 4851 5281 laciniis

744 5340 1006 5416 modice
1061 5337 1239 5426 latis,
1294 5355 1526 5412 ovato·
1553 5336 2251 5435 subtriangularibuS,
2306 5340 2509 5414 modo
2563 5324 2769 5413 ovatis
2824 5338 3290 5415 acuminulatis
3343 5338 3444 5413 vel
3497 5339 3881 5442 apiculatiS,
3960 5343 4162 5417 modo
4220 5342 4697 5417 obtusiusculis
4752 5342 4852 5415 vel

743 5474 1663 5579 diaphano-mucronulatis3
1735 5473 2364 5574 peni-haetialibus
2416 5477 2812 5565 rotundatis,
2868 5475 3302 5578 quadrifidis,
3369 5478 3708 5569 concavis,
3777 5478 4355 5581 amplectentibus,
4409 5480 4851 5555 exterioribus

743 5612 1167 5689 verticalibus
1221 5612 1407 5712 apice
1460 5613 2006 5713 subpatentibuS,
2077 5612 2221 5686 basi
2291 5611 2446 5686 hinc
2499 5613 2750 5714 pariter
2802 5614 3056 5689 minute
3111 5613 3719 5691 ciliato-dentatis:
3771 5617 4059 5715 stipulis»-
4110 5616 4508 5719 plerumque
4561 5617 4849 5716 magnis,

742 5752 1080 5856 profunde
1154 5749 1238 5824 ad
1308 5747 1500 5822 basin
1569 5777 1785 5851 usque
1851 5749 2182 5851 bipartitis
2236 5749 2337 5825 vel
2391 5751 2479 5826 ad
2533 5750 2830 5825 medium
2882 5751 3143 5845 bifidis,
3224 5780 3504 5855 perraro
3561 5753 3837 5831 omnino
3902 5754 4219 5853 integris,
4295 5753 4680 5856 patentibus
4748 5751 4852 5825 vel
